@article{lras,
      title={A Learned Representation For Artistic Style}, 
      author={Vincent Dumoulin and Jonathon Shlens and Manjunath Kudlur},
      year={2017},
      eprint={1610.07629},
      archivePrefix={arXiv},
}
@article{naas,
  author    = {Leon A. Gatys and
               Alexander S. Ecker and
               Matthias Bethge},
  title     = {A Neural Algorithm of Artistic Style},
  year      = {2015},
  archivePrefix= {arXiv},
  eprint= {1508.06576},
}

@article{istucnn,
  author = {Leon A. Gatys and 
  		Alexander S. Ecker and 
  		Matthias Bethge},
  title={Image Style Transfer Using Convolutional Neural Networks}, 
  year={2016},
  doi={10.1109/CVPR.2016.265}
  }

@article{nstar,
  author    = {Yongcheng Jing and
               Yezhou Yang and
               Zunlei Feng and
               Jingwen Ye and
               Mingli Song},
  title     = {Neural Style Transfer: {A} Review},
  year      = {2017},
  eprinttype = {arXiv},
  eprint= {1705.04058},
}

@online{git1,
  author = {Philipe Hervind},
  title = {yolov3-in-colab},
  url = {https://github.com/vindruid/yolov3-in-colab.git},
}

@online{git2,
  author = {Ryan Wong},
  title = {Real-time-multi-style-transfer},
  url = {https://github.com/ryanwongsa/Real-time-multi-style-transfer.git},
}
